<?xml version="1.0" encoding="UTF-8"?><record xmlns="http://www.loc.gov/MARC21/slim" xmlns:cinclude="http://apache.org/cocoon/include/1.0" xmlns:zs="http://www.loc.gov/zing/srw/">
  <leader>00386nz  a2200121n  4500</leader>
  <controlfield tag="001">n  91065944 </controlfield>
  <controlfield tag="003">DLC</controlfield>
  <controlfield tag="005">19910703111515.5</controlfield>
  <controlfield tag="008">910703n| acannaab|          |n ana |||  </controlfield>
  <datafield tag="010" ind1=" " ind2=" ">
    <subfield code="a">n  91065944 </subfield>
  </datafield>
  <datafield tag="040" ind1=" " ind2=" ">
    <subfield code="a">DLC</subfield>
    <subfield code="c">DLC</subfield>
  </datafield>
  <datafield tag="110" ind1="1" ind2="0">
    <subfield code="a">Ecuador.</subfield>
    <subfield code="t">Co패digo de procedimiento civil</subfield>
  </datafield>
  <datafield tag="670" ind1=" " ind2=" ">
    <subfield code="a">Cassis Marti패nez, N. Estudios del Co패digo de ... 1983:</subfield>
    <subfield code="b">t.p. (Co패digo de procedimiento civil ecuatoriano)</subfield>
  </datafield>
</record>